@article{streamgage,
    author = "{Utah Water Science Center}",
    title = "{What is a streamgage?}",
    year =         "2018",
    url =          "https://www.usgs.gov/centers/utah-water-science-center/science/what-streamgage",
    keywords =     "streamgage"
}

@article{dl-waterstage,
    author = "{Eltner, A., Bressan, P. O., Akiyama, T., Gon√ßalves, W. N., & Marcato Junior, J.}",
    title = {Using Deep Learning for Automatic Water Stage Measurements},
    year = "2021",
    journal = "Water Resources Research",
    volume = "3",
    DOI = "http://doi.org/10.1029/2020WR027608"
}

@article{efficient-net,
    author = "{Mingxing Tan, Quoc V. Le}",
    title = {EfficientNet: Rethinking Model Scaling for Convolutional Neural Networks},
    year = "2020",
    DOI = "
https://doi.org/10.48550/arXiv.1905.11946"
}

@article{res-net,
    author = "{Kaiming He, Xiangyu Zhang, Shaoqing Ren, Jian Sun}",
    title = {Deep Residual Learning for Image Recognition},
    year = "2015",
    DOI = "
https://doi.org/10.48550/arXiv.1512.03385"
}

@INPROCEEDINGS{compute-times,
  author={Hafeez, Ubaid Ullah and Gandhi, Anshul},
  booktitle={2020 IEEE International Symposium on Workload Characterization (IISWC)}, 
  title={Empirical Analysis and Modeling of Compute Times of CNN Operations on AWS Cloud}, 
  year={2020},
  volume={},
  number={},
  pages={181-192},
  doi={10.1109/IISWC50251.2020.00026}
 }